@online{ifSka,
  author = {{If Skadeförsäkring}},
  title = {Källar- och vindsinbrotten ökar kraftigt},
  howpublished = {\url{https://via.tt.se/pressmeddelande/kallar--och-vindsinbrotten-okar-kraftigt?publisherId=391729&releaseId=3291620}, Hämtad den 2021-09-03},
  year = 2021
}
@online{hemHyra,
  author = {M. Frödén.},
  title = {Få förrådsinbrott klaras upp av polisen},
  howpublished = {\url{https://www.hemhyra.se/nyheter/bara-ett-av-hundra-forradsinbrott-klaras-upp/}, Hämtad den 2021-09-03},
  year = 2019
}
